%YAML 1.1
%TAG !u! tag:unity3d.com,2011:
--- !u!29 &1
SceneSettings:
  m_ObjectHideFlags: 0
  m_PVSData: 
  m_PVSObjectsArray: []
  m_PVSPortalsArray: []
  m_OcclusionBakeSettings:
    smallestOccluder: 5
    smallestHole: .25
    backfaceThreshold: 100
--- !u!104 &2
RenderSettings:
  m_Fog: 0
  m_FogColor: {r: .5, g: .5, b: .5, a: 1}
  m_FogMode: 3
  m_FogDensity: .00999999978
  m_LinearFogStart: 0
  m_LinearFogEnd: 300
  m_AmbientLight: {r: .200000003, g: .200000003, b: .200000003, a: 1}
  m_SkyboxMaterial: {fileID: 0}
  m_HaloStrength: .5
  m_FlareStrength: 1
  m_FlareFadeSpeed: 3
  m_HaloTexture: {fileID: 0}
  m_SpotCookie: {fileID: 0}
  m_ObjectHideFlags: 0
--- !u!127 &3
LevelGameManager:
  m_ObjectHideFlags: 0
--- !u!157 &4
LightmapSettings:
  m_ObjectHideFlags: 0
  m_LightProbes: {fileID: 0}
  m_Lightmaps: []
  m_LightmapsMode: 1
  m_BakedColorSpace: 0
  m_UseDualLightmapsInForward: 0
  m_LightmapEditorSettings:
    m_Resolution: 50
    m_LastUsedResolution: 0
    m_TextureWidth: 1024
    m_TextureHeight: 1024
    m_BounceBoost: 1
    m_BounceIntensity: 1
    m_SkyLightColor: {r: .860000014, g: .930000007, b: 1, a: 1}
    m_SkyLightIntensity: 0
    m_Quality: 0
    m_Bounces: 1
    m_FinalGatherRays: 1000
    m_FinalGatherContrastThreshold: .0500000007
    m_FinalGatherGradientThreshold: 0
    m_FinalGatherInterpolationPoints: 15
    m_AOAmount: 0
    m_AOMaxDistance: .100000001
    m_AOContrast: 1
    m_LODSurfaceMappingDistance: 1
    m_Padding: 0
    m_TextureCompression: 0
    m_LockAtlas: 0
--- !u!196 &5
NavMeshSettings:
  m_ObjectHideFlags: 0
  m_BuildSettings:
    agentRadius: .5
    agentHeight: 2
    agentSlope: 45
    agentClimb: .400000006
    ledgeDropHeight: 0
    maxJumpAcrossDistance: 0
    accuratePlacement: 0
    minRegionArea: 2
    widthInaccuracy: 16.666666
    heightInaccuracy: 10
  m_NavMesh: {fileID: 0}
--- !u!1 &293297574
GameObject:
  m_ObjectHideFlags: 0
  m_PrefabParentObject: {fileID: 156306, guid: fef84a50eaa00004cbee53ff1c92da79, type: 2}
  m_PrefabInternal: {fileID: 843321708}
  serializedVersion: 4
  m_Component:
  - 4: {fileID: 293297578}
  - 33: {fileID: 293297577}
  - 23: {fileID: 293297575}
  - 64: {fileID: 293297576}
  - 114: {fileID: 293297579}
  m_Layer: 12
  m_Name: U
  m_TagString: Untagged
  m_Icon: {fileID: 0}
  m_NavMeshLayer: 0
  m_StaticEditorFlags: 0
  m_IsActive: 1
--- !u!23 &293297575
Renderer:
  m_ObjectHideFlags: 0
  m_PrefabParentObject: {fileID: 2356304, guid: fef84a50eaa00004cbee53ff1c92da79,
    type: 2}
  m_PrefabInternal: {fileID: 843321708}
  m_GameObject: {fileID: 293297574}
  m_Enabled: 1
  m_CastShadows: 1
  m_ReceiveShadows: 1
  m_LightmapIndex: 255
  m_LightmapTilingOffset: {x: 1, y: 1, z: 0, w: 0}
  m_Materials:
  - {fileID: 2100000, guid: 503e2c6a9f06fd941af52a29d640f908, type: 2}
  m_SubsetIndices: 
  m_StaticBatchRoot: {fileID: 0}
  m_UseLightProbes: 0
  m_LightProbeAnchor: {fileID: 0}
  m_ScaleInLightmap: 1
  m_SortingLayerID: 0
  m_SortingOrder: 0
--- !u!64 &293297576
MeshCollider:
  m_ObjectHideFlags: 0
  m_PrefabParentObject: {fileID: 6456310, guid: fef84a50eaa00004cbee53ff1c92da79,
    type: 2}
  m_PrefabInternal: {fileID: 843321708}
  m_GameObject: {fileID: 293297574}
  m_Material: {fileID: 0}
  m_IsTrigger: 1
  m_Enabled: 1
  serializedVersion: 2
  m_SmoothSphereCollisions: 0
  m_Convex: 0
  m_Mesh: {fileID: 10210, guid: 0000000000000000e000000000000000, type: 0}
--- !u!33 &293297577
MeshFilter:
  m_ObjectHideFlags: 0
  m_PrefabParentObject: {fileID: 3356304, guid: fef84a50eaa00004cbee53ff1c92da79,
    type: 2}
  m_PrefabInternal: {fileID: 843321708}
  m_GameObject: {fileID: 293297574}
  m_Mesh: {fileID: 10210, guid: 0000000000000000e000000000000000, type: 0}
--- !u!4 &293297578
Transform:
  m_ObjectHideFlags: 0
  m_PrefabParentObject: {fileID: 456306, guid: fef84a50eaa00004cbee53ff1c92da79, type: 2}
  m_PrefabInternal: {fileID: 843321708}
  m_GameObject: {fileID: 293297574}
  m_LocalRotation: {x: .207917914, y: -.675847769, z: -.207917929, w: -.675847709}
  m_LocalPosition: {x: .21895805, y: .913540065, z: -0}
  m_LocalScale: {x: 1, y: 1, z: 1}
  m_Children: []
  m_Father: {fileID: 788226823}
  m_RootOrder: 1
--- !u!114 &293297579
MonoBehaviour:
  m_ObjectHideFlags: 0
  m_PrefabParentObject: {fileID: 11485336, guid: fef84a50eaa00004cbee53ff1c92da79,
    type: 2}
  m_PrefabInternal: {fileID: 843321708}
  m_GameObject: {fileID: 293297574}
  m_Enabled: 1
  m_EditorHideFlags: 0
  m_Script: {fileID: 11500000, guid: a3c2340b3eed51b48895ef2abb726947, type: 3}
  m_Name: 
  m_EditorClassIdentifier: 
--- !u!1 &334141890
GameObject:
  m_ObjectHideFlags: 0
  m_PrefabParentObject: {fileID: 0}
  m_PrefabInternal: {fileID: 0}
  serializedVersion: 4
  m_Component:
  - 4: {fileID: 334141895}
  - 33: {fileID: 334141894}
  - 23: {fileID: 334141892}
  - 54: {fileID: 334141896}
  - 114: {fileID: 334141891}
  m_Layer: 0
  m_Name: Cube
  m_TagString: Untagged
  m_Icon: {fileID: 0}
  m_NavMeshLayer: 0
  m_StaticEditorFlags: 0
  m_IsActive: 1
--- !u!114 &334141891
MonoBehaviour:
  m_ObjectHideFlags: 0
  m_PrefabParentObject: {fileID: 0}
  m_PrefabInternal: {fileID: 0}
  m_GameObject: {fileID: 334141890}
  m_Enabled: 1
  m_EditorHideFlags: 0
  m_Script: {fileID: 11500000, guid: 52fe6c00023d9d24a95a1578ddfb0dd9, type: 3}
  m_Name: 
  m_EditorClassIdentifier: 
  widget: {fileID: 788226824}
--- !u!23 &334141892
Renderer:
  m_ObjectHideFlags: 0
  m_PrefabParentObject: {fileID: 0}
  m_PrefabInternal: {fileID: 0}
  m_GameObject: {fileID: 334141890}
  m_Enabled: 1
  m_CastShadows: 1
  m_ReceiveShadows: 1
  m_LightmapIndex: 255
  m_LightmapTilingOffset: {x: 1, y: 1, z: 0, w: 0}
  m_Materials:
  - {fileID: 10302, guid: 0000000000000000f000000000000000, type: 0}
  m_SubsetIndices: 
  m_StaticBatchRoot: {fileID: 0}
  m_UseLightProbes: 0
  m_LightProbeAnchor: {fileID: 0}
  m_ScaleInLightmap: 1
  m_SortingLayerID: 0
  m_SortingOrder: 0
--- !u!33 &334141894
MeshFilter:
  m_ObjectHideFlags: 0
  m_PrefabParentObject: {fileID: 0}
  m_PrefabInternal: {fileID: 0}
  m_GameObject: {fileID: 334141890}
  m_Mesh: {fileID: 10202, guid: 0000000000000000e000000000000000, type: 0}
--- !u!4 &334141895
Transform:
  m_ObjectHideFlags: 0
  m_PrefabParentObject: {fileID: 0}
  m_PrefabInternal: {fileID: 0}
  m_GameObject: {fileID: 334141890}
  m_LocalRotation: {x: .642704129, y: .504680872, z: -.542634845, w: -.194361031}
  m_LocalPosition: {x: -.170000002, y: -2.97000003, z: 10}
  m_LocalScale: {x: 1, y: 1, z: 1}
  m_Children: []
  m_Father: {fileID: 0}
  m_RootOrder: 1
--- !u!54 &334141896
Rigidbody:
  m_ObjectHideFlags: 0
  m_PrefabParentObject: {fileID: 0}
  m_PrefabInternal: {fileID: 0}
  m_GameObject: {fileID: 334141890}
  serializedVersion: 2
  m_Mass: 1
  m_Drag: 5
  m_AngularDrag: 5
  m_UseGravity: 0
  m_IsKinematic: 0
  m_Interpolate: 0
  m_Constraints: 0
  m_CollisionDetection: 0
--- !u!1 &354467589
GameObject:
  m_ObjectHideFlags: 0
  m_PrefabParentObject: {fileID: 0}
  m_PrefabInternal: {fileID: 0}
  serializedVersion: 4
  m_Component:
  - 4: {fileID: 354467594}
  - 20: {fileID: 354467593}
  - 92: {fileID: 354467592}
  - 124: {fileID: 354467591}
  - 81: {fileID: 354467590}
  m_Layer: 0
  m_Name: Main Camera
  m_TagString: MainCamera
  m_Icon: {fileID: 0}
  m_NavMeshLayer: 0
  m_StaticEditorFlags: 0
  m_IsActive: 1
--- !u!81 &354467590
AudioListener:
  m_ObjectHideFlags: 0
  m_PrefabParentObject: {fileID: 0}
  m_PrefabInternal: {fileID: 0}
  m_GameObject: {fileID: 354467589}
  m_Enabled: 1
--- !u!124 &354467591
Behaviour:
  m_ObjectHideFlags: 0
  m_PrefabParentObject: {fileID: 0}
  m_PrefabInternal: {fileID: 0}
  m_GameObject: {fileID: 354467589}
  m_Enabled: 1
--- !u!92 &354467592
Behaviour:
  m_ObjectHideFlags: 0
  m_PrefabParentObject: {fileID: 0}
  m_PrefabInternal: {fileID: 0}
  m_GameObject: {fileID: 354467589}
  m_Enabled: 1
--- !u!20 &354467593
Camera:
  m_ObjectHideFlags: 0
  m_PrefabParentObject: {fileID: 0}
  m_PrefabInternal: {fileID: 0}
  m_GameObject: {fileID: 354467589}
  m_Enabled: 1
  serializedVersion: 2
  m_ClearFlags: 1
  m_BackGroundColor: {r: .192156866, g: .301960796, b: .474509805, a: .0196078438}
  m_NormalizedViewPortRect:
    serializedVersion: 2
    x: 0
    y: 0
    width: 1
    height: 1
  near clip plane: .300000012
  far clip plane: 1000
  field of view: 60
  orthographic: 0
  orthographic size: 5
  m_Depth: -1
  m_CullingMask:
    serializedVersion: 2
    m_Bits: 4294967295
  m_RenderingPath: -1
  m_TargetTexture: {fileID: 0}
  m_TargetDisplay: 0
  m_HDR: 0
  m_OcclusionCulling: 1
  m_StereoConvergence: 10
  m_StereoSeparation: .0219999999
--- !u!4 &354467594
Transform:
  m_ObjectHideFlags: 0
  m_PrefabParentObject: {fileID: 0}
  m_PrefabInternal: {fileID: 0}
  m_GameObject: {fileID: 354467589}
  m_LocalRotation: {x: 0, y: 0, z: 0, w: 1}
  m_LocalPosition: {x: 0, y: 0, z: 0}
  m_LocalScale: {x: 1, y: 1, z: 1}
  m_Children:
  - {fileID: 788226823}
  m_Father: {fileID: 0}
  m_RootOrder: 0
--- !u!1 &769675284
GameObject:
  m_ObjectHideFlags: 0
  m_PrefabParentObject: {fileID: 0}
  m_PrefabInternal: {fileID: 0}
  serializedVersion: 4
  m_Component:
  - 4: {fileID: 769675286}
  - 108: {fileID: 769675285}
  m_Layer: 0
  m_Name: Directional light
  m_TagString: Untagged
  m_Icon: {fileID: 0}
  m_NavMeshLayer: 0
  m_StaticEditorFlags: 0
  m_IsActive: 1
--- !u!108 &769675285
Light:
  m_ObjectHideFlags: 0
  m_PrefabParentObject: {fileID: 0}
  m_PrefabInternal: {fileID: 0}
  m_GameObject: {fileID: 769675284}
  m_Enabled: 1
  serializedVersion: 3
  m_Type: 1
  m_Color: {r: 1, g: 1, b: 1, a: 1}
  m_Intensity: .5
  m_Range: 10
  m_SpotAngle: 30
  m_CookieSize: 10
  m_Shadows:
    m_Type: 0
    m_Resolution: -1
    m_Strength: 1
    m_Bias: .0500000007
    m_Softness: 4
    m_SoftnessFade: 1
  m_Cookie: {fileID: 0}
  m_DrawHalo: 0
  m_ActuallyLightmapped: 0
  m_Flare: {fileID: 0}
  m_RenderMode: 0
  m_CullingMask:
    serializedVersion: 2
    m_Bits: 4294967295
  m_Lightmapping: 1
  m_ShadowSamples: 1
  m_ShadowRadius: 0
  m_ShadowAngle: 0
  m_IndirectIntensity: 1
  m_AreaSize: {x: 1, y: 1}
--- !u!4 &769675286
Transform:
  m_ObjectHideFlags: 0
  m_PrefabParentObject: {fileID: 0}
  m_PrefabInternal: {fileID: 0}
  m_GameObject: {fileID: 769675284}
  m_LocalRotation: {x: 0, y: 0, z: 0, w: 1}
  m_LocalPosition: {x: 0, y: 0, z: 0}
  m_LocalScale: {x: 1, y: 1, z: 1}
  m_Children: []
  m_Father: {fileID: 0}
  m_RootOrder: 2
--- !u!1 &788226822
GameObject:
  m_ObjectHideFlags: 0
  m_PrefabParentObject: {fileID: 156304, guid: fef84a50eaa00004cbee53ff1c92da79, type: 2}
  m_PrefabInternal: {fileID: 843321708}
  serializedVersion: 4
  m_Component:
  - 4: {fileID: 788226823}
  - 114: {fileID: 788226824}
  - 114: {fileID: 788226825}
  m_Layer: 12
  m_Name: 3D-widget
  m_TagString: Untagged
  m_Icon: {fileID: 0}
  m_NavMeshLayer: 0
  m_StaticEditorFlags: 0
  m_IsActive: 1
--- !u!4 &788226823
Transform:
  m_ObjectHideFlags: 0
  m_PrefabParentObject: {fileID: 456304, guid: fef84a50eaa00004cbee53ff1c92da79, type: 2}
  m_PrefabInternal: {fileID: 843321708}
  m_GameObject: {fileID: 788226822}
  m_LocalRotation: {x: -.191984296, y: -.450803339, z: .0999407023, w: .865985155}
  m_LocalPosition: {x: .0168249458, y: .248848081, z: 3.37309813}
  m_LocalScale: {x: .499999911, y: .5, z: .5}
  m_Children:
  - {fileID: 897831918}
  - {fileID: 293297578}
  - {fileID: 2052320171}
  - {fileID: 1503452700}
  - {fileID: 1482085315}
  - {fileID: 1397263972}
  - {fileID: 1165470254}
  m_Father: {fileID: 354467594}
  m_RootOrder: 0
--- !u!114 &788226824
MonoBehaviour:
  m_ObjectHideFlags: 0
  m_PrefabParentObject: {fileID: 11456304, guid: fef84a50eaa00004cbee53ff1c92da79,
    type: 2}
  m_PrefabInternal: {fileID: 843321708}
  m_GameObject: {fileID: 788226822}
  m_Enabled: 1
  m_EditorHideFlags: 0
  m_Script: {fileID: 11500000, guid: a3fc7c17afa95e240959dec1cac462ca, type: 3}
  m_Name: 
  m_EditorClassIdentifier: 
  parentCamera: {fileID: 0}
  is3DView: 0
--- !u!114 &788226825
MonoBehaviour:
  m_ObjectHideFlags: 0
  m_PrefabParentObject: {fileID: 11431744, guid: fef84a50eaa00004cbee53ff1c92da79,
    type: 2}
  m_PrefabInternal: {fileID: 843321708}
  m_GameObject: {fileID: 788226822}
  m_Enabled: 0
  m_EditorHideFlags: 0
  m_Script: {fileID: 11500000, guid: 80a833818851dbf4fbc3c8cf4451dceb, type: 3}
  m_Name: 
  m_EditorClassIdentifier: 
  parentCamera: {fileID: 0}
  viewportPoint: {x: .860000014, y: .200000003}
  size: 4
--- !u!1001 &843321708
Prefab:
  m_ObjectHideFlags: 0
  serializedVersion: 2
  m_Modification:
    m_TransformParent: {fileID: 354467594}
    m_Modifications:
    - target: {fileID: 456304, guid: fef84a50eaa00004cbee53ff1c92da79, type: 2}
      propertyPath: m_LocalPosition.x
      value: .0168249458
      objectReference: {fileID: 0}
    - target: {fileID: 456304, guid: fef84a50eaa00004cbee53ff1c92da79, type: 2}
      propertyPath: m_LocalPosition.y
      value: .248848081
      objectReference: {fileID: 0}
    - target: {fileID: 456304, guid: fef84a50eaa00004cbee53ff1c92da79, type: 2}
      propertyPath: m_LocalPosition.z
      value: 3.37309813
      objectReference: {fileID: 0}
    - target: {fileID: 456304, guid: fef84a50eaa00004cbee53ff1c92da79, type: 2}
      propertyPath: m_LocalRotation.x
      value: -.191984296
      objectReference: {fileID: 0}
    - target: {fileID: 456304, guid: fef84a50eaa00004cbee53ff1c92da79, type: 2}
      propertyPath: m_LocalRotation.y
      value: -.450803339
      objectReference: {fileID: 0}
    - target: {fileID: 456304, guid: fef84a50eaa00004cbee53ff1c92da79, type: 2}
      propertyPath: m_LocalRotation.z
      value: .0999407023
      objectReference: {fileID: 0}
    - target: {fileID: 456304, guid: fef84a50eaa00004cbee53ff1c92da79, type: 2}
      propertyPath: m_LocalRotation.w
      value: .865985155
      objectReference: {fileID: 0}
    - target: {fileID: 456304, guid: fef84a50eaa00004cbee53ff1c92da79, type: 2}
      propertyPath: m_RootOrder
      value: 0
      objectReference: {fileID: 0}
    - target: {fileID: 156304, guid: fef84a50eaa00004cbee53ff1c92da79, type: 2}
      propertyPath: m_Name
      value: 3D-widget
      objectReference: {fileID: 0}
    - target: {fileID: 11431744, guid: fef84a50eaa00004cbee53ff1c92da79, type: 2}
      propertyPath: m_Enabled
      value: 0
      objectReference: {fileID: 0}
    - target: {fileID: 456304, guid: fef84a50eaa00004cbee53ff1c92da79, type: 2}
      propertyPath: m_LocalScale.x
      value: .499999911
      objectReference: {fileID: 0}
    m_RemovedComponents: []
  m_ParentPrefab: {fileID: 100100000, guid: fef84a50eaa00004cbee53ff1c92da79, type: 2}
  m_RootGameObject: {fileID: 788226822}
  m_IsPrefabParent: 0
  m_IsExploded: 1
--- !u!1 &897831917
GameObject:
  m_ObjectHideFlags: 0
  m_PrefabParentObject: {fileID: 141532, guid: fef84a50eaa00004cbee53ff1c92da79, type: 2}
  m_PrefabInternal: {fileID: 843321708}
  serializedVersion: 4
  m_Component:
  - 4: {fileID: 897831918}
  - 33: {fileID: 897831922}
  - 135: {fileID: 897831921}
  - 23: {fileID: 897831920}
  - 114: {fileID: 897831919}
  m_Layer: 12
  m_Name: 3D
  m_TagString: Untagged
  m_Icon: {fileID: 0}
  m_NavMeshLayer: 0
  m_StaticEditorFlags: 0
  m_IsActive: 1
--- !u!4 &897831918
Transform:
  m_ObjectHideFlags: 0
  m_PrefabParentObject: {fileID: 441532, guid: fef84a50eaa00004cbee53ff1c92da79, type: 2}
  m_PrefabInternal: {fileID: 843321708}
  m_GameObject: {fileID: 897831917}
  m_LocalRotation: {x: 0, y: -.707106829, z: 0, w: .707106829}
  m_LocalPosition: {x: 0, y: .0500000007, z: 0}
  m_LocalScale: {x: .349999994, y: .349999994, z: .349999994}
  m_Children: []
  m_Father: {fileID: 788226823}
  m_RootOrder: 0
--- !u!114 &897831919
MonoBehaviour:
  m_ObjectHideFlags: 0
  m_PrefabParentObject: {fileID: 11485334, guid: fef84a50eaa00004cbee53ff1c92da79,
    type: 2}
  m_PrefabInternal: {fileID: 843321708}
  m_GameObject: {fileID: 897831917}
  m_Enabled: 1
  m_EditorHideFlags: 0
  m_Script: {fileID: 11500000, guid: a3c2340b3eed51b48895ef2abb726947, type: 3}
  m_Name: 
  m_EditorClassIdentifier: 
--- !u!23 &897831920
Renderer:
  m_ObjectHideFlags: 0
  m_PrefabParentObject: {fileID: 2341532, guid: fef84a50eaa00004cbee53ff1c92da79,
    type: 2}
  m_PrefabInternal: {fileID: 843321708}
  m_GameObject: {fileID: 897831917}
  m_Enabled: 1
  m_CastShadows: 1
  m_ReceiveShadows: 1
  m_LightmapIndex: 255
  m_LightmapTilingOffset: {x: 1, y: 1, z: 0, w: 0}
  m_Materials:
  - {fileID: 10302, guid: 0000000000000000f000000000000000, type: 0}
  m_SubsetIndices: 
  m_StaticBatchRoot: {fileID: 0}
  m_UseLightProbes: 0
  m_LightProbeAnchor: {fileID: 0}
  m_ScaleInLightmap: 1
  m_SortingLayerID: 0
  m_SortingOrder: 0
--- !u!135 &897831921
SphereCollider:
  m_ObjectHideFlags: 0
  m_PrefabParentObject: {fileID: 13541532, guid: fef84a50eaa00004cbee53ff1c92da79,
    type: 2}
  m_PrefabInternal: {fileID: 843321708}
  m_GameObject: {fileID: 897831917}
  m_Material: {fileID: 0}
  m_IsTrigger: 0
  m_Enabled: 1
  serializedVersion: 2
  m_Radius: 1
  m_Center: {x: 0, y: 0, z: 0}
--- !u!33 &897831922
MeshFilter:
  m_ObjectHideFlags: 0
  m_PrefabParentObject: {fileID: 3341532, guid: fef84a50eaa00004cbee53ff1c92da79,
    type: 2}
  m_PrefabInternal: {fileID: 843321708}
  m_GameObject: {fileID: 897831917}
  m_Mesh: {fileID: 4300000, guid: b21ff437a9ab9b04194ed0105c7a2829, type: 3}
--- !u!1 &1165470253
GameObject:
  m_ObjectHideFlags: 0
  m_PrefabParentObject: {fileID: 108202, guid: fef84a50eaa00004cbee53ff1c92da79, type: 2}
  m_PrefabInternal: {fileID: 843321708}
  serializedVersion: 4
  m_Component:
  - 4: {fileID: 1165470254}
  - 33: {fileID: 1165470257}
  - 23: {fileID: 1165470256}
  - 64: {fileID: 1165470255}
  - 114: {fileID: 1165470258}
  m_Layer: 12
  m_Name: R
  m_TagString: Untagged
  m_Icon: {fileID: 0}
  m_NavMeshLayer: 0
  m_StaticEditorFlags: 0
  m_IsActive: 1
--- !u!4 &1165470254
Transform:
  m_ObjectHideFlags: 0
  m_PrefabParentObject: {fileID: 408202, guid: fef84a50eaa00004cbee53ff1c92da79, type: 2}
  m_PrefabInternal: {fileID: 843321708}
  m_GameObject: {fileID: 1165470253}
  m_LocalRotation: {x: .488621235, y: 1.24224619e-09, z: -7.21845694e-09, w: .872496068}
  m_LocalPosition: {x: -0, y: -.761250079, z: -.926320314}
  m_LocalScale: {x: 1, y: 1, z: 1}
  m_Children: []
  m_Father: {fileID: 788226823}
  m_RootOrder: 6
--- !u!64 &1165470255
MeshCollider:
  m_ObjectHideFlags: 0
  m_PrefabParentObject: {fileID: 6408208, guid: fef84a50eaa00004cbee53ff1c92da79,
    type: 2}
  m_PrefabInternal: {fileID: 843321708}
  m_GameObject: {fileID: 1165470253}
  m_Material: {fileID: 0}
  m_IsTrigger: 1
  m_Enabled: 1
  serializedVersion: 2
  m_SmoothSphereCollisions: 0
  m_Convex: 0
  m_Mesh: {fileID: 10210, guid: 0000000000000000e000000000000000, type: 0}
--- !u!23 &1165470256
Renderer:
  m_ObjectHideFlags: 0
  m_PrefabParentObject: {fileID: 2308208, guid: fef84a50eaa00004cbee53ff1c92da79,
    type: 2}
  m_PrefabInternal: {fileID: 843321708}
  m_GameObject: {fileID: 1165470253}
  m_Enabled: 1
  m_CastShadows: 1
  m_ReceiveShadows: 1
  m_LightmapIndex: 255
  m_LightmapTilingOffset: {x: 1, y: 1, z: 0, w: 0}
  m_Materials:
  - {fileID: 2100000, guid: 2d1d5b1cdd316274486c98327bc541a3, type: 2}
  m_SubsetIndices: 
  m_StaticBatchRoot: {fileID: 0}
  m_UseLightProbes: 0
  m_LightProbeAnchor: {fileID: 0}
  m_ScaleInLightmap: 1
  m_SortingLayerID: 0
  m_SortingOrder: 0
--- !u!33 &1165470257
MeshFilter:
  m_ObjectHideFlags: 0
  m_PrefabParentObject: {fileID: 3308208, guid: fef84a50eaa00004cbee53ff1c92da79,
    type: 2}
  m_PrefabInternal: {fileID: 843321708}
  m_GameObject: {fileID: 1165470253}
  m_Mesh: {fileID: 10210, guid: 0000000000000000e000000000000000, type: 0}
--- !u!114 &1165470258
MonoBehaviour:
  m_ObjectHideFlags: 0
  m_PrefabParentObject: {fileID: 11485328, guid: fef84a50eaa00004cbee53ff1c92da79,
    type: 2}
  m_PrefabInternal: {fileID: 843321708}
  m_GameObject: {fileID: 1165470253}
  m_Enabled: 1
  m_EditorHideFlags: 0
  m_Script: {fileID: 11500000, guid: a3c2340b3eed51b48895ef2abb726947, type: 3}
  m_Name: 
  m_EditorClassIdentifier: 
--- !u!1 &1397263968
GameObject:
  m_ObjectHideFlags: 0
  m_PrefabParentObject: {fileID: 120756, guid: fef84a50eaa00004cbee53ff1c92da79, type: 2}
  m_PrefabInternal: {fileID: 843321708}
  serializedVersion: 4
  m_Component:
  - 4: {fileID: 1397263972}
  - 33: {fileID: 1397263971}
  - 23: {fileID: 1397263969}
  - 64: {fileID: 1397263970}
  - 114: {fileID: 1397263973}
  m_Layer: 12
  m_Name: F
  m_TagString: Untagged
  m_Icon: {fileID: 0}
  m_NavMeshLayer: 0
  m_StaticEditorFlags: 0
  m_IsActive: 1
--- !u!23 &1397263969
Renderer:
  m_ObjectHideFlags: 0
  m_PrefabParentObject: {fileID: 2320756, guid: fef84a50eaa00004cbee53ff1c92da79,
    type: 2}
  m_PrefabInternal: {fileID: 843321708}
  m_GameObject: {fileID: 1397263968}
  m_Enabled: 1
  m_CastShadows: 1
  m_ReceiveShadows: 1
  m_LightmapIndex: 255
  m_LightmapTilingOffset: {x: 1, y: 1, z: 0, w: 0}
  m_Materials:
  - {fileID: 2100000, guid: 02d53bef9dd8b374fb87b26e4e4e65eb, type: 2}
  m_SubsetIndices: 
  m_StaticBatchRoot: {fileID: 0}
  m_UseLightProbes: 0
  m_LightProbeAnchor: {fileID: 0}
  m_ScaleInLightmap: 1
  m_SortingLayerID: 0
  m_SortingOrder: 0
--- !u!64 &1397263970
MeshCollider:
  m_ObjectHideFlags: 0
  m_PrefabParentObject: {fileID: 6420756, guid: fef84a50eaa00004cbee53ff1c92da79,
    type: 2}
  m_PrefabInternal: {fileID: 843321708}
  m_GameObject: {fileID: 1397263968}
  m_Material: {fileID: 0}
  m_IsTrigger: 1
  m_Enabled: 1
  serializedVersion: 2
  m_SmoothSphereCollisions: 0
  m_Convex: 0
  m_Mesh: {fileID: 10210, guid: 0000000000000000e000000000000000, type: 0}
--- !u!33 &1397263971
MeshFilter:
  m_ObjectHideFlags: 0
  m_PrefabParentObject: {fileID: 3320756, guid: fef84a50eaa00004cbee53ff1c92da79,
    type: 2}
  m_PrefabInternal: {fileID: 843321708}
  m_GameObject: {fileID: 1397263968}
  m_Mesh: {fileID: 10210, guid: 0000000000000000e000000000000000, type: 0}
--- !u!4 &1397263972
Transform:
  m_ObjectHideFlags: 0
  m_PrefabParentObject: {fileID: 420756, guid: fef84a50eaa00004cbee53ff1c92da79, type: 2}
  m_PrefabInternal: {fileID: 843321708}
  m_GameObject: {fileID: 1397263968}
  m_LocalRotation: {x: .434997916, y: .5574736, z: -.434997916, w: .5574736}
  m_LocalPosition: {x: -.985000074, y: -.621554196, z: -0}
  m_LocalScale: {x: 1, y: 1, z: 1}
  m_Children: []
  m_Father: {fileID: 788226823}
  m_RootOrder: 5
--- !u!114 &1397263973
MonoBehaviour:
  m_ObjectHideFlags: 0
  m_PrefabParentObject: {fileID: 11485326, guid: fef84a50eaa00004cbee53ff1c92da79,
    type: 2}
  m_PrefabInternal: {fileID: 843321708}
  m_GameObject: {fileID: 1397263968}
  m_Enabled: 1
  m_EditorHideFlags: 0
  m_Script: {fileID: 11500000, guid: a3c2340b3eed51b48895ef2abb726947, type: 3}
  m_Name: 
  m_EditorClassIdentifier: 
--- !u!1 &1482085311
GameObject:
  m_ObjectHideFlags: 0
  m_PrefabParentObject: {fileID: 156312, guid: fef84a50eaa00004cbee53ff1c92da79, type: 2}
  m_PrefabInternal: {fileID: 843321708}
  serializedVersion: 4
  m_Component:
  - 4: {fileID: 1482085315}
  - 33: {fileID: 1482085314}
  - 23: {fileID: 1482085312}
  - 64: {fileID: 1482085313}
  - 114: {fileID: 1482085316}
  m_Layer: 12
  m_Name: L
  m_TagString: Untagged
  m_Icon: {fileID: 0}
  m_NavMeshLayer: 0
  m_StaticEditorFlags: 0
  m_IsActive: 1
--- !u!23 &1482085312
Renderer:
  m_ObjectHideFlags: 0
  m_PrefabParentObject: {fileID: 2356310, guid: fef84a50eaa00004cbee53ff1c92da79,
    type: 2}
  m_PrefabInternal: {fileID: 843321708}
  m_GameObject: {fileID: 1482085311}
  m_Enabled: 1
  m_CastShadows: 1
  m_ReceiveShadows: 1
  m_LightmapIndex: 255
  m_LightmapTilingOffset: {x: 1, y: 1, z: 0, w: 0}
  m_Materials:
  - {fileID: 2100000, guid: 8d4e4af5f0bf10d468de6c809b063e74, type: 2}
  m_SubsetIndices: 
  m_StaticBatchRoot: {fileID: 0}
  m_UseLightProbes: 0
  m_LightProbeAnchor: {fileID: 0}
  m_ScaleInLightmap: 1
  m_SortingLayerID: 0
  m_SortingOrder: 0
--- !u!64 &1482085313
MeshCollider:
  m_ObjectHideFlags: 0
  m_PrefabParentObject: {fileID: 6456308, guid: fef84a50eaa00004cbee53ff1c92da79,
    type: 2}
  m_PrefabInternal: {fileID: 843321708}
  m_GameObject: {fileID: 1482085311}
  m_Material: {fileID: 0}
  m_IsTrigger: 1
  m_Enabled: 1
  serializedVersion: 2
  m_SmoothSphereCollisions: 0
  m_Convex: 0
  m_Mesh: {fileID: 10210, guid: 0000000000000000e000000000000000, type: 0}
--- !u!33 &1482085314
MeshFilter:
  m_ObjectHideFlags: 0
  m_PrefabParentObject: {fileID: 3356310, guid: fef84a50eaa00004cbee53ff1c92da79,
    type: 2}
  m_PrefabInternal: {fileID: 843321708}
  m_GameObject: {fileID: 1482085311}
  m_Mesh: {fileID: 10210, guid: 0000000000000000e000000000000000, type: 0}
--- !u!4 &1482085315
Transform:
  m_ObjectHideFlags: 0
  m_PrefabParentObject: {fileID: 456312, guid: fef84a50eaa00004cbee53ff1c92da79, type: 2}
  m_PrefabInternal: {fileID: 843321708}
  m_GameObject: {fileID: 1482085311}
  m_LocalRotation: {x: 0, y: 0, z: 0, w: 1}
  m_LocalPosition: {x: 0, y: 0, z: .5}
  m_LocalScale: {x: 1, y: 1, z: 1}
  m_Children: []
  m_Father: {fileID: 788226823}
  m_RootOrder: 4
--- !u!114 &1482085316
MonoBehaviour:
  m_ObjectHideFlags: 0
  m_PrefabParentObject: {fileID: 11485324, guid: fef84a50eaa00004cbee53ff1c92da79,
    type: 2}
  m_PrefabInternal: {fileID: 843321708}
  m_GameObject: {fileID: 1482085311}
  m_Enabled: 1
  m_EditorHideFlags: 0
  m_Script: {fileID: 11500000, guid: a3c2340b3eed51b48895ef2abb726947, type: 3}
  m_Name: 
  m_EditorClassIdentifier: 
--- !u!1 &1503452696
GameObject:
  m_ObjectHideFlags: 0
  m_PrefabParentObject: {fileID: 156314, guid: fef84a50eaa00004cbee53ff1c92da79, type: 2}
  m_PrefabInternal: {fileID: 843321708}
  serializedVersion: 4
  m_Component:
  - 4: {fileID: 1503452700}
  - 33: {fileID: 1503452699}
  - 23: {fileID: 1503452697}
  - 64: {fileID: 1503452698}
  - 114: {fileID: 1503452701}
  m_Layer: 12
  m_Name: B
  m_TagString: Untagged
  m_Icon: {fileID: 0}
  m_NavMeshLayer: 0
  m_StaticEditorFlags: 0
  m_IsActive: 1
--- !u!23 &1503452697
Renderer:
  m_ObjectHideFlags: 0
  m_PrefabParentObject: {fileID: 2356312, guid: fef84a50eaa00004cbee53ff1c92da79,
    type: 2}
  m_PrefabInternal: {fileID: 843321708}
  m_GameObject: {fileID: 1503452696}
  m_Enabled: 1
  m_CastShadows: 1
  m_ReceiveShadows: 1
  m_LightmapIndex: 255
  m_LightmapTilingOffset: {x: 1, y: 1, z: 0, w: 0}
  m_Materials:
  - {fileID: 2100000, guid: 57a236356e988914c888b53e46f2f52b, type: 2}
  m_SubsetIndices: 
  m_StaticBatchRoot: {fileID: 0}
  m_UseLightProbes: 0
  m_LightProbeAnchor: {fileID: 0}
  m_ScaleInLightmap: 1
  m_SortingLayerID: 0
  m_SortingOrder: 0
--- !u!64 &1503452698
MeshCollider:
  m_ObjectHideFlags: 0
  m_PrefabParentObject: {fileID: 6456306, guid: fef84a50eaa00004cbee53ff1c92da79,
    type: 2}
  m_PrefabInternal: {fileID: 843321708}
  m_GameObject: {fileID: 1503452696}
  m_Material: {fileID: 0}
  m_IsTrigger: 1
  m_Enabled: 1
  serializedVersion: 2
  m_SmoothSphereCollisions: 0
  m_Convex: 0
  m_Mesh: {fileID: 10210, guid: 0000000000000000e000000000000000, type: 0}
--- !u!33 &1503452699
MeshFilter:
  m_ObjectHideFlags: 0
  m_PrefabParentObject: {fileID: 3356312, guid: fef84a50eaa00004cbee53ff1c92da79,
    type: 2}
  m_PrefabInternal: {fileID: 843321708}
  m_GameObject: {fileID: 1503452696}
  m_Mesh: {fileID: 10210, guid: 0000000000000000e000000000000000, type: 0}
--- !u!4 &1503452700
Transform:
  m_ObjectHideFlags: 0
  m_PrefabParentObject: {fileID: 456314, guid: fef84a50eaa00004cbee53ff1c92da79, type: 2}
  m_PrefabInternal: {fileID: 843321708}
  m_GameObject: {fileID: 1503452696}
  m_LocalRotation: {x: 0, y: .707106829, z: 0, w: .707106829}
  m_LocalPosition: {x: .5, y: 0, z: 0}
  m_LocalScale: {x: 1, y: 1, z: 1}
  m_Children: []
  m_Father: {fileID: 788226823}
  m_RootOrder: 3
--- !u!114 &1503452701
MonoBehaviour:
  m_ObjectHideFlags: 0
  m_PrefabParentObject: {fileID: 11485330, guid: fef84a50eaa00004cbee53ff1c92da79,
    type: 2}
  m_PrefabInternal: {fileID: 843321708}
  m_GameObject: {fileID: 1503452696}
  m_Enabled: 1
  m_EditorHideFlags: 0
  m_Script: {fileID: 11500000, guid: a3c2340b3eed51b48895ef2abb726947, type: 3}
  m_Name: 
  m_EditorClassIdentifier: 
--- !u!1 &1597859199
GameObject:
  m_ObjectHideFlags: 0
  m_PrefabParentObject: {fileID: 0}
  m_PrefabInternal: {fileID: 0}
  serializedVersion: 4
  m_Component:
  - 4: {fileID: 1597859203}
  - 114: {fileID: 1597859202}
  - 114: {fileID: 1597859200}
  - 114: {fileID: 1597859201}
  m_Layer: 0
  m_Name: EventSystem
  m_TagString: Untagged
  m_Icon: {fileID: 0}
  m_NavMeshLayer: 0
  m_StaticEditorFlags: 0
  m_IsActive: 1
--- !u!114 &1597859200
MonoBehaviour:
  m_ObjectHideFlags: 0
  m_PrefabParentObject: {fileID: 0}
  m_PrefabInternal: {fileID: 0}
  m_GameObject: {fileID: 1597859199}
  m_Enabled: 1
  m_EditorHideFlags: 0
  m_Script: {fileID: 11500000, guid: 59409bc36e26ed949aece52e46556c86, type: 3}
  m_Name: 
  m_EditorClassIdentifier: 
--- !u!114 &1597859201
MonoBehaviour:
  m_ObjectHideFlags: 0
  m_PrefabParentObject: {fileID: 0}
  m_PrefabInternal: {fileID: 0}
  m_GameObject: {fileID: 1597859199}
  m_Enabled: 1
  m_EditorHideFlags: 0
  m_Script: {fileID: 11500000, guid: 75d68aaf1d0695343b77b3ac563bc3f7, type: 3}
  m_Name: 
  m_EditorClassIdentifier: 
--- !u!114 &1597859202
MonoBehaviour:
  m_ObjectHideFlags: 0
  m_PrefabParentObject: {fileID: 0}
  m_PrefabInternal: {fileID: 0}
  m_GameObject: {fileID: 1597859199}
  m_Enabled: 1
  m_EditorHideFlags: 0
  m_Script: {fileID: -619905303, guid: f5f67c52d1564df4a8936ccd202a3bd8, type: 3}
  m_Name: 
  m_EditorClassIdentifier: 
  m_FirstSelected: {fileID: 0}
  m_sendNavigationEvents: 1
  m_DragThreshold: 5
--- !u!4 &1597859203
Transform:
  m_ObjectHideFlags: 0
  m_PrefabParentObject: {fileID: 0}
  m_PrefabInternal: {fileID: 0}
  m_GameObject: {fileID: 1597859199}
  m_LocalRotation: {x: 0, y: 0, z: 0, w: 1}
  m_LocalPosition: {x: 0, y: 0, z: 0}
  m_LocalScale: {x: 1, y: 1, z: 1}
  m_Children: []
  m_Father: {fileID: 0}
  m_RootOrder: 3
--- !u!1 &2052320167
GameObject:
  m_ObjectHideFlags: 0
  m_PrefabParentObject: {fileID: 156316, guid: fef84a50eaa00004cbee53ff1c92da79, type: 2}
  m_PrefabInternal: {fileID: 843321708}
  serializedVersion: 4
  m_Component:
  - 4: {fileID: 2052320171}
  - 33: {fileID: 2052320170}
  - 23: {fileID: 2052320168}
  - 64: {fileID: 2052320169}
  - 114: {fileID: 2052320172}
  m_Layer: 12
  m_Name: D
  m_TagString: Untagged
  m_Icon: {fileID: 0}
  m_NavMeshLayer: 0
  m_StaticEditorFlags: 0
  m_IsActive: 1
--- !u!23 &2052320168
Renderer:
  m_ObjectHideFlags: 0
  m_PrefabParentObject: {fileID: 2356314, guid: fef84a50eaa00004cbee53ff1c92da79,
    type: 2}
  m_PrefabInternal: {fileID: 843321708}
  m_GameObject: {fileID: 2052320167}
  m_Enabled: 1
  m_CastShadows: 1
  m_ReceiveShadows: 1
  m_LightmapIndex: 255
  m_LightmapTilingOffset: {x: 1, y: 1, z: 0, w: 0}
  m_Materials:
  - {fileID: 2100000, guid: d9c0dc2d4d1e1574899e8d0678ff42f6, type: 2}
  m_SubsetIndices: 
  m_StaticBatchRoot: {fileID: 0}
  m_UseLightProbes: 0
  m_LightProbeAnchor: {fileID: 0}
  m_ScaleInLightmap: 1
  m_SortingLayerID: 0
  m_SortingOrder: 0
--- !u!64 &2052320169
MeshCollider:
  m_ObjectHideFlags: 0
  m_PrefabParentObject: {fileID: 6456312, guid: fef84a50eaa00004cbee53ff1c92da79,
    type: 2}
  m_PrefabInternal: {fileID: 843321708}
  m_GameObject: {fileID: 2052320167}
  m_Material: {fileID: 0}
  m_IsTrigger: 1
  m_Enabled: 1
  serializedVersion: 2
  m_SmoothSphereCollisions: 0
  m_Convex: 0
  m_Mesh: {fileID: 10210, guid: 0000000000000000e000000000000000, type: 0}
--- !u!33 &2052320170
MeshFilter:
  m_ObjectHideFlags: 0
  m_PrefabParentObject: {fileID: 3356314, guid: fef84a50eaa00004cbee53ff1c92da79,
    type: 2}
  m_PrefabInternal: {fileID: 843321708}
  m_GameObject: {fileID: 2052320167}
  m_Mesh: {fileID: 10210, guid: 0000000000000000e000000000000000, type: 0}
--- !u!4 &2052320171
Transform:
  m_ObjectHideFlags: 0
  m_PrefabParentObject: {fileID: 456316, guid: fef84a50eaa00004cbee53ff1c92da79, type: 2}
  m_PrefabInternal: {fileID: 843321708}
  m_GameObject: {fileID: 2052320167}
  m_LocalRotation: {x: .707106829, y: 0, z: 0, w: .707106829}
  m_LocalPosition: {x: 0, y: -.5, z: 0}
  m_LocalScale: {x: 1, y: 1, z: 1}
  m_Children: []
  m_Father: {fileID: 788226823}
  m_RootOrder: 2
--- !u!114 &2052320172
MonoBehaviour:
  m_ObjectHideFlags: 0
  m_PrefabParentObject: {fileID: 11485332, guid: fef84a50eaa00004cbee53ff1c92da79,
    type: 2}
  m_PrefabInternal: {fileID: 843321708}
  m_GameObject: {fileID: 2052320167}
  m_Enabled: 1
  m_EditorHideFlags: 0
  m_Script: {fileID: 11500000, guid: a3c2340b3eed51b48895ef2abb726947, type: 3}
  m_Name: 
  m_EditorClassIdentifier: 
